@INPROCEEDINGS{8453510,
	author={Kordowski, Przemys≈Çaw and Jakielaszek, Zbigniew and Nowakowski, Miroslaw and Panas, Andrzej},
	booktitle={2018 5th IEEE International Workshop on Metrology for AeroSpace (MetroAeroSpace)}, 
	title={Miniaturized Flight Data Recorder for Unmanned Aerial Vehicles and Ultralight Aircrafts}, 
	year={2018},
	volume={},
	number={},
	pages={484-488},
	doi={10.1109/MetroAeroSpace.2018.8453510}}